<?xml version="1.0" encoding="UTF-8"?><collection xmlns="http://www.loc.gov/MARC21/slim"><record><leader>00336nam--2200133-i-4500</leader><controlfield tag="001">000028832</controlfield><controlfield tag="002">20161230</controlfield><controlfield tag="005">20161230201037</controlfield><controlfield tag="008">060222s1000------------r-----000-0-eng-d</controlfield><datafield ind1=" " ind2=" " tag="080"><subfield code="a">621.385</subfield></datafield><datafield ind1=" " ind2=" " tag="100"><subfield code="a">Kulp, Martin</subfield></datafield><datafield ind1=" " ind2=" " tag="245"><subfield code="a">Elektronenrohren und ihre schaltungen</subfield></datafield><datafield ind1=" " ind2=" " tag="260"><subfield code="a">Gottingen, Vandenhoek, 1951. 346p. Cu Fig</subfield></datafield><datafield ind1=" " ind2=" " tag="852"><subfield code="a">12016</subfield></datafield></record></collection>